@article{ali,
  author = {Ali Tavakoli Kashani,Afshin Shariat Mohaymany},
  title = {Analysis of the traffic injury severity on two-lane, two-way rural roads based on classification tree models},
  journal = {ELSEVIER},
  volume = {49},
  number = {10},
  pages = {1314-1320},
  year  = {2017},
  publisher = {ELSEVIER},
  URL = {https://www.sciencedirect.com/science/article/pii/S092575351100110X}
}

@article{7975380,  author={A. {Ahlawat} and B. {Suri}},  booktitle={2016 1st India International Conference on Information Processing (IICIP)},   title={Improving classification in data mining using hybrid algorithm},   year={2016},  volume={},  number={},  pages={1-4},}

@article{atnafu,
  author = {Baye Atnafu,Gagandeep Kaur},
  title = {Analysis and Predict the Nature of Road Traffic Accident Using Data Mining Techniques in Maharashtra, India},
  journal = {IJETSR},
  volume = {4},
  number = {10},
  year  = {2017},
  publisher = {IJETSR},
  URL = {https://www.researchgate.net/profile/Baye_Atnafu/publication/325414837_Analysis_and_predict_the_nature_of_road_traffic_accident_using_data_mining_techniques_in_Maharashtra_India/links/5b0cc94d0f7e9b1ed7fbc754/Analysis-and-predict-the-nature-of-road-traffic-accident-using-data-mining-techniques-in-Maharashtra-India.pdf}
}


@article{blower,
  author = {Daniel Blower,Kenneth L.Campbell, Paul E.Green},
  title = {Accident rates for heavy truck-tractors in Michigan},
  journal = {ELSEVIER},
  volume = {25},
  number = {3},
  pages = {307-321},
  year  = {1993},
  publisher = {ELSEVIER},
  URL = {https://www.sciencedirect.com/science/article/pii/000145759390025R}
}

@phdthesis{brennan,
author = {Brennan, Peter},
year = {2012},
month = {10},
pages = {},
title = {A comprehensive survey of methods for overcoming the class imbalance problem in fraud detection},
doi = {10.13140/RG.2.1.3375.5284}
}

@Manual{omit,
    title = {data.table: Extension of `data.frame`},
    author = {Matt Dowle and Arun Srinivasan},
    year = {2019},
    note = {R package version 1.12.8},
    url = {https://CRAN.R-project.org/package=data.table},
}

@article{e1071,
author = {Dimitriadou, Evgenia and Hornik, Kurt and Leisch, Friedrich and Meyer, David and Maintainer, Andreas and Leisch@ci, friedrich and Tuwien, Ac and At,},
year = {2006},
month = {08},
pages = {},
title = {The e1071 package}
}

@article{rose,
  author = {Nicola Lunardon, Giovanna Menardi, and Nicola Torelli},
  title = {ROSE: A Package for Binary Imbalanced Learning},
  journal = {The R Journal},
  volume = {6},
  number = {1},
  pages = {79-89},
  year  = {2014},
  publisher = {The R Journal},
  URL = {https://journal.r-project.org/archive/2014/RJ-2014-008/RJ-2014-008.pdf}
}

@Manual{rpart,
    title = {rpart: Recursive Partitioning and Regression Trees},
    author = {Terry Therneau and Beth Atkinson},
    year = {2019},
    note = {R package version 4.1-15},
    url = {https://CRAN.R-project.org/package=rpart},
  }

@article{harb,
  author = {Rami Harb, Xuedong Yan, Essam Radwan, Xiaogang Su},
  title = {Exploring precrash maneuvers using classification trees and random forests},
  journal = {ELSEVIER},
  volume = {41},
  number = {1},
  pages = {98-107},
  year  = {2009},
  publisher = {ELSEVIER},
  URL = {https://www.sciencedirect.com/science/article/pii/S0001457508001887}
}

@Manual{matrix,
    title = {matrixStats: Functions that Apply to Rows and Columns of Matrices (and to
Vectors)},
    author = {Henrik Bengtsson},
    year = {2020},
    note = {R package version 0.56.0},
    url = {https://CRAN.R-project.org/package=matrixStats},
  }



@ARTICLE{8116699,  author={K. {Huang} and H. {Jiang} and X. {Zhang}},  journal={IEEE Transactions on Emerging Topics in Computational Intelligence},   title={Field Support Vector Machines},   year={2017},  volume={1},  number={6},  pages={454-463},}

@INPROCEEDINGS{7965753,  author={L. {Li} and S. {Shrestha} and G. {Hu}},  booktitle={2017 IEEE 15th International Conference on Software Engineering Research, Management and Applications (SERA)},   title={Analysis of road traffic fatal accidents using data mining techniques},   year={2017},  volume={},  number={},  pages={363-370},}

@article{7492647,  author={M. V. {Datla}},  booktitle={2015 International Conference on Trends in Automation, Communications and Computing Technology (I-TACT-15)},   title={Bench marking of classification algorithms: Decision Trees and Random Forests - a case study using R},   year={2015},  volume={},  number={},  pages={1-7},}

@article{Informatica,
  author = {Miao Chong, Ajith Abraham and Marcin Paprzycki},
  title = {Traffic Accident Analysis Using Machine Learning Paradigms},
  journal = {Informatica 29},
  volume = {94},
  number = {6},
  pages = {89-98},
  year  = {2005},
  publisher = {Informatica},
  URL = {http://wsc9.softcomputing.net/informatica2.pdf}
}

@Article{stats,
    author = {Robin Lovelace and Malcolm Morgan and Layik Hama and Mark
      Padgham and David Ranzolin and Adam Sparks},
    title = {stats 19: A package for working with open road crash
      data},
    doi = {10.21105/joss.01181},
    year = {2019},
    month = {jan},
    publisher = {The Open Journal},
    volume = {4},
    number = {33},
    pages = {1181},
    journal = {The Journal of Open Source Software},
  }

@article{shanthi,
  author = {S. Shanthi, R. Geetha Ramani},
  title = {Feature Relevance Analysis and Classification of Road Traffic Accident Data through Data Mining Techniques},
  journal = {WCECS},
  volume = {1},
  year  = {2012},
  publisher = {WCECS},
  URL = {http://www.iaeng.org/publication/WCECS2012/WCECS2012_pp122-127.pdf}
}

@inproceedings{Sowmya,
  title={Analyzing the Road Traffic and Accidents with Classification Techniques},
  author={Sowmya and P. Ponmuthuramalingam},
  year={2013}
}

@Article{tidyverse,
    title = {Welcome to the {tidyverse}},
   author = {Hadley Wickham and Mara Averick and Jennifer Bryan and Winston Chang and Lucy D'Agostino McGowan and Romain François and Garrett Grolemund and Alex Hayes and Lionel Henry and Jim Hester and Max Kuhn and Thomas Lin Pedersen and Evan Miller and Stephan Milton Bache and Kirill Müller and Jeroen Ooms and David Robinson and Dana Paige Seidel and Vitalie Spinu and Kohske Takahashi and Davis Vaughan and Claus Wilke and Kara Woo and Hiroaki Yutani},
    year = {2019},
   journal = {Journal of Open Source Software},
    volume = {4},
    number = {43},
   pages = {1686},
    doi = {10.21105/joss.01686},
   }

@article{zong,  author = {Fang Zong, Hongguo Xu, and Huiyong Zhang},
  title = {Prediction for Traffic Accident Severity: Comparing the Bayesian Network and Regression Models},
  journal = {Hindawi Publishing Corporation},
  volume = {94},
  number = {6},
  pages = {89-98},
  year  = {2013},
  publisher = {Hindawi Publishing Corporation},
  URL = {http://downloads.hindawi.com/journals/mpe/2013/475194.pdf}
}


@Article{random,
    title = {Classification and Regression by randomForest},
    author = {Andy Liaw and Matthew Wiener},
    journal = {R News},
    year = {2002},
    volume = {2},
    number = {3},
    pages = {18-22},
    url = {https://CRAN.R-project.org/doc/Rnews/},
  }


@Article{zekic,
    title = {Predicting company growth using logistic regression and neural networks},
    author = {M. Zekić-Sušac, N. Šarlija, A. Has and A. Bilandžić,},
    journal = {Croatian Operational Research Review},
    year = {2016},
    volume = {7},
    number = {2},
    pages = {229-248},
    url = {https://doi.org/10.17535/crorr.2016.0016},
  }


@Article{proc,
    title = {pROC: an open-source package for R and S+ to analyze and compare ROC curves},
    author = {Xavier Robin and Natacha Turck and Alexandre Hainard and Natalia Tiberti and Frédérique Lisacek and Jean-Charles Sanchez and Markus Müller},
    year = {2011},
    journal = {BMC Bioinformatics},
    volume = {12},
    pages = {77},
  }

@Manual{caret,
    title = {caret: Classification and Regression Training},
    author = {Max Kuhn},
    year = {2020},
    note = {R package version 6.0-86},
    url = {https://CRAN.R-project.org/package=caret},
  }
  
@Book{mass,
    title = {Modern Applied Statistics with S},
    author = {W. N. Venables and B. D. Ripley},
    publisher = {Springer},
    edition = {Fourth},
    address = {New York},
    year = {2002},
    note = {ISBN 0-387-95457-0},
    url = {http://www.stats.ox.ac.uk/pub/MASS4},
  }
  
  
@article{ukgov,
    title = {Department for Transport},
    author = {UK Road Safety},
    year = {2018},
    url = {http://data.gov.uk},
}